@inproceedings{barreto2018transfer,
  title={Transfer in deep reinforcement learning using successor features and generalised policy improvement},
  author={Barreto, Andr{\'e} and Borsa, Diana and Quan, John and Schaul, Tom and Silver, David and Hessel, Matteo and Mankowitz, Daniel and Zidek, Augustin and Munos, Remi},
  booktitle={International Conference on Machine Learning},
  pages={510--519},
  year={2018}
}
@inproceedings{bengio2012deep,
  title={Deep learning of representations for unsupervised and transfer learning},
  author={Bengio, Yoshua},
  booktitle={Proceedings of ICML Workshop on Unsupervised and Transfer Learning},
  pages={17--36},
  year={2012}
}
@article{ganin2014unsupervised,
  title={Unsupervised domain adaptation by backpropagation},
  author={Ganin, Yaroslav and Lempitsky, Victor},
  journal={arXiv preprint arXiv:1409.7495},
  year={2014}
}
@article{levine2016end,
  title={End-to-end training of deep visuomotor policies},
  author={Levine, Sergey and Finn, Chelsea and Darrell, Trevor and Abbeel, Pieter},
  journal={The Journal of Machine Learning Research},
  volume={17},
  number={1},
  pages={1334--1373},
  year={2016},
  publisher={JMLR. org}
}
@inproceedings{mao2016resource,
  title={Resource management with deep reinforcement learning},
  author={Mao, Hongzi and Alizadeh, Mohammad and Menache, Ishai and Kandula, Srikanth},
  booktitle={Proceedings of the 15th ACM Workshop on Hot Topics in Networks},
  pages={50--56},
  year={2016},
  organization={ACM}
}

@inproceedings{ballard1987modular,
  title={Modular Learning in Neural Networks.},
  author={Ballard, Dana H},
  booktitle={AAAI},
  pages={279--284},
  year={1987}
}

@inproceedings{wang2013learning,
  title={Learning a deep compact image representation for visual tracking},
  author={Wang, Naiyan and Yeung, Dit-Yan},
  booktitle={Advances in neural information processing systems},
  pages={809--817},
  year={2013}
}

@inproceedings{ap2014autoencoder,
  title={An autoencoder approach to learning bilingual word representations},
  author={AP, Sarath Chandar and Lauly, Stanislas and Larochelle, Hugo and Khapra, Mitesh and Ravindran, Balaraman and Raykar, Vikas C and Saha, Amrita},
  booktitle={Advances in Neural Information Processing Systems},
  pages={1853--1861},
  year={2014}
}

@inproceedings{silberer2014learning,
  title={Learning grounded meaning representations with autoencoders},
  author={Silberer, Carina and Lapata, Mirella},
  booktitle={Proceedings of the 52nd Annual Meeting of the Association for Computational Linguistics (Volume 1: Long Papers)},
  volume={1},
  pages={721--732},
  year={2014}
}

@inproceedings{taylor2007cross,
  title={Cross-domain transfer for reinforcement learning},
  author={Taylor, Matthew E and Stone, Peter},
  booktitle={Proceedings of the 24th international conference on Machine learning},
  pages={879--886},
  year={2007},
  organization={ACM}
}
@article{silver2016mastering,
  title={Mastering the game of Go with deep neural networks and tree search},
  author={Silver, David and Huang, Aja and Maddison, Chris J and Guez, Arthur and Sifre, Laurent and Van Den Driessche, George and Schrittwieser, Julian and Antonoglou, Ioannis and Panneershelvam, Veda and Lanctot, Marc and others},
  journal={nature},
  volume={529},
  number={7587},
  pages={484},
  year={2016},
  publisher={Nature Publishing Group}
}
@article{DQN,
  author    = {Volodymyr Mnih and
               Koray Kavukcuoglu and
               David Silver and
               Alex Graves and
               Ioannis Antonoglou and
               Daan Wierstra and
               Martin A. Riedmiller},
  title     = {Playing Atari with Deep Reinforcement Learning},
  journal   = {CoRR},
  volume    = {abs/1312.5602},
  year      = {2013},
  url       = {http://arxiv.org/abs/1312.5602},
  archivePrefix = {arXiv},
  eprint    = {1312.5602},
  timestamp = {Mon, 13 Aug 2018 16:47:42 +0200},
  biburl    = {https://dblp.org/rec/bib/journals/corr/MnihKSGAWR13},
  bibsource = {dblp computer science bibliography, https://dblp.org}
}
@article{DDQN,
  author    = {Hado van Hasselt and
               Arthur Guez and
               David Silver},
  title     = {Deep Reinforcement Learning with Double Q-learning},
  journal   = {CoRR},
  volume    = {abs/1509.06461},
  year      = {2015},
  url       = {http://arxiv.org/abs/1509.06461},
  archivePrefix = {arXiv},
  eprint    = {1509.06461},
  timestamp = {Mon, 13 Aug 2018 16:47:32 +0200},
  biburl    = {https://dblp.org/rec/bib/journals/corr/HasseltGS15},
  bibsource = {dblp computer science bibliography, https://dblp.org}
}
@article{DuelingDQN,
  author    = {Ziyu Wang and
               Nando de Freitas and
               Marc Lanctot},
  title     = {Dueling Network Architectures for Deep Reinforcement Learning},
  journal   = {CoRR},
  volume    = {abs/1511.06581},
  year      = {2015},
  url       = {http://arxiv.org/abs/1511.06581},
  archivePrefix = {arXiv},
  eprint    = {1511.06581},
  timestamp = {Mon, 13 Aug 2018 16:48:17 +0200},
  biburl    = {https://dblp.org/rec/bib/journals/corr/WangFL15},
  bibsource = {dblp computer science bibliography, https://dblp.org}
}
@article{prioritized_memory,
  author    = {Tom Schaul and
               John Quan and
               Ioannis Antonoglou and
               David Silver},
  title     = {Prioritized Experience Replay},
  journal   = {CoRR},
  volume    = {abs/1511.05952},
  year      = {2015},
  url       = {http://arxiv.org/abs/1511.05952},
  archivePrefix = {arXiv},
  eprint    = {1511.05952},
  timestamp = {Mon, 13 Aug 2018 16:46:28 +0200},
  biburl    = {https://dblp.org/rec/bib/journals/corr/SchaulQAS15},
  bibsource = {dblp computer science bibliography, https://dblp.org}
}
@article{rainbow,
  author    = {Matteo Hessel and
               Joseph Modayil and
               Hado van Hasselt and
               Tom Schaul and
               Georg Ostrovski and
               Will Dabney and
               Daniel Horgan and
               Bilal Piot and
               Mohammad Gheshlaghi Azar and
               David Silver},
  title     = {Rainbow: Combining Improvements in Deep Reinforcement Learning},
  journal   = {CoRR},
  volume    = {abs/1710.02298},
  year      = {2017},
  url       = {http://arxiv.org/abs/1710.02298},
  archivePrefix = {arXiv},
  eprint    = {1710.02298},
  timestamp = {Mon, 13 Aug 2018 16:48:05 +0200},
  biburl    = {https://dblp.org/rec/bib/journals/corr/abs-1710-02298},
  bibsource = {dblp computer science bibliography, https://dblp.org}
}
@misc{gym,
  Author = {Greg Brockman and Vicki Cheung and Ludwig Pettersson and Jonas Schneider and John Schulman and Jie Tang and Wojciech Zaremba},
  Title = {OpenAI Gym},
  Year = {2016},
  Eprint = {arXiv:1606.01540},
}
@article{deep_learning_development,
author = {LeCun, Yann and Bengio, Y and Hinton, Geoffrey},
year = {2015},
month = {05},
pages = {436-44},
title = {Deep Learning},
volume = {521},
journal = {Nature},
doi = {10.1038/nature14539}
}
@article{replay_memory_oc,
author = {Lin, Long-Ji},
year = {1993},
month = {01},
pages = {},
title = {Reinforcement learning for robots using neural networks /}
}
@article{hierarchical_dqn,
  author    = {Tejas D. Kulkarni and
               Karthik Narasimhan and
               Ardavan Saeedi and
               Joshua B. Tenenbaum},
  title     = {Hierarchical Deep Reinforcement Learning: Integrating Temporal Abstraction
               and Intrinsic Motivation},
  journal   = {CoRR},
  volume    = {abs/1604.06057},
  year      = {2016},
  url       = {http://arxiv.org/abs/1604.06057},
  archivePrefix = {arXiv},
  eprint    = {1604.06057},
  timestamp = {Mon, 13 Aug 2018 16:46:26 +0200},
  biburl    = {https://dblp.org/rec/bib/journals/corr/KulkarniNST16},
  bibsource = {dblp computer science bibliography, https://dblp.org}
}
@article{distributional_dqn,
  author    = {Will Dabney and
               Mark Rowland and
               Marc G. Bellemare and
               R{\'{e}}mi Munos},
  title     = {Distributional Reinforcement Learning with Quantile Regression},
  journal   = {CoRR},
  volume    = {abs/1710.10044},
  year      = {2017},
  url       = {http://arxiv.org/abs/1710.10044},
  archivePrefix = {arXiv},
  eprint    = {1710.10044},
  timestamp = {Mon, 13 Aug 2018 16:48:27 +0200},
  biburl    = {https://dblp.org/rec/bib/journals/corr/abs-1710-10044},
  bibsource = {dblp computer science bibliography, https://dblp.org}
}
@article{noisy_dqn,
  author    = {Meire Fortunato and
               Mohammad Gheshlaghi Azar and
               Bilal Piot and
               Jacob Menick and
               Ian Osband and
               Alex Graves and
               Vlad Mnih and
               R{\'{e}}mi Munos and
               Demis Hassabis and
               Olivier Pietquin and
               Charles Blundell and
               Shane Legg},
  title     = {Noisy Networks for Exploration},
  journal   = {CoRR},
  volume    = {abs/1706.10295},
  year      = {2017},
  url       = {http://arxiv.org/abs/1706.10295},
  archivePrefix = {arXiv},
  eprint    = {1706.10295},
  timestamp = {Mon, 13 Aug 2018 16:46:11 +0200},
  biburl    = {https://dblp.org/rec/bib/journals/corr/FortunatoAPMOGM17},
  bibsource = {dblp computer science bibliography, https://dblp.org}
}