@inproceedings{barreto2018transfer,
  title={Transfer in deep reinforcement learning using successor features and generalised policy improvement},
  author={Barreto, Andr{\'e} and Borsa, Diana and Quan, John and Schaul, Tom and Silver, David and Hessel, Matteo and Mankowitz, Daniel and Zidek, Augustin and Munos, Remi},
  booktitle={International Conference on Machine Learning},
  pages={510--519},
  year={2018}
}
@inproceedings{bengio2012deep,
  title={Deep learning of representations for unsupervised and transfer learning},
  author={Bengio, Yoshua},
  booktitle={Proceedings of ICML Workshop on Unsupervised and Transfer Learning},
  pages={17--36},
  year={2012}
}
@article{ganin2014unsupervised,
  title={Unsupervised domain adaptation by backpropagation},
  author={Ganin, Yaroslav and Lempitsky, Victor},
  journal={arXiv preprint arXiv:1409.7495},
  year={2014}
}
@article{levine2016end,
  title={End-to-end training of deep visuomotor policies},
  author={Levine, Sergey and Finn, Chelsea and Darrell, Trevor and Abbeel, Pieter},
  journal={The Journal of Machine Learning Research},
  volume={17},
  number={1},
  pages={1334--1373},
  year={2016},
  publisher={JMLR. org}
}
@inproceedings{mao2016resource,
  title={Resource management with deep reinforcement learning},
  author={Mao, Hongzi and Alizadeh, Mohammad and Menache, Ishai and Kandula, Srikanth},
  booktitle={Proceedings of the 15th ACM Workshop on Hot Topics in Networks},
  pages={50--56},
  year={2016},
  organization={ACM}
}
@inproceedings{taylor2007cross,
  title={Cross-domain transfer for reinforcement learning},
  author={Taylor, Matthew E and Stone, Peter},
  booktitle={Proceedings of the 24th international conference on Machine learning},
  pages={879--886},
  year={2007},
  organization={ACM}
}
@article{silver2016mastering,
  title={Mastering the game of Go with deep neural networks and tree search},
  author={Silver, David and Huang, Aja and Maddison, Chris J and Guez, Arthur and Sifre, Laurent and Van Den Driessche, George and Schrittwieser, Julian and Antonoglou, Ioannis and Panneershelvam, Veda and Lanctot, Marc and others},
  journal={nature},
  volume={529},
  number={7587},
  pages={484},
  year={2016},
  publisher={Nature Publishing Group}
}
@article{DQN,
  author    = {Volodymyr Mnih and
               Koray Kavukcuoglu and
               David Silver and
               Alex Graves and
               Ioannis Antonoglou and
               Daan Wierstra and
               Martin A. Riedmiller},
  title     = {Playing Atari with Deep Reinforcement Learning},
  journal   = {CoRR},
  volume    = {abs/1312.5602},
  year      = {2013},
  url       = {http://arxiv.org/abs/1312.5602},
  archivePrefix = {arXiv},
  eprint    = {1312.5602},
  timestamp = {Mon, 13 Aug 2018 16:47:42 +0200},
  biburl    = {https://dblp.org/rec/bib/journals/corr/MnihKSGAWR13},
  bibsource = {dblp computer science bibliography, https://dblp.org}
}
@article{DDQN,
  author    = {Hado van Hasselt and
               Arthur Guez and
               David Silver},
  title     = {Deep Reinforcement Learning with Double Q-learning},
  journal   = {CoRR},
  volume    = {abs/1509.06461},
  year      = {2015},
  url       = {http://arxiv.org/abs/1509.06461},
  archivePrefix = {arXiv},
  eprint    = {1509.06461},
  timestamp = {Mon, 13 Aug 2018 16:47:32 +0200},
  biburl    = {https://dblp.org/rec/bib/journals/corr/HasseltGS15},
  bibsource = {dblp computer science bibliography, https://dblp.org}
}
@article{DuelingDQN,
  author    = {Ziyu Wang and
               Nando de Freitas and
               Marc Lanctot},
  title     = {Dueling Network Architectures for Deep Reinforcement Learning},
  journal   = {CoRR},
  volume    = {abs/1511.06581},
  year      = {2015},
  url       = {http://arxiv.org/abs/1511.06581},
  archivePrefix = {arXiv},
  eprint    = {1511.06581},
  timestamp = {Mon, 13 Aug 2018 16:48:17 +0200},
  biburl    = {https://dblp.org/rec/bib/journals/corr/WangFL15},
  bibsource = {dblp computer science bibliography, https://dblp.org}
}
@article{prioritized_memory,
  author    = {Tom Schaul and
               John Quan and
               Ioannis Antonoglou and
               David Silver},
  title     = {Prioritized Experience Replay},
  journal   = {CoRR},
  volume    = {abs/1511.05952},
  year      = {2015},
  url       = {http://arxiv.org/abs/1511.05952},
  archivePrefix = {arXiv},
  eprint    = {1511.05952},
  timestamp = {Mon, 13 Aug 2018 16:46:28 +0200},
  biburl    = {https://dblp.org/rec/bib/journals/corr/SchaulQAS15},
  bibsource = {dblp computer science bibliography, https://dblp.org}
}